@book{elmasri2011fundamentals,
  title={Fundamentals of database systems},
  author={Elmasri, Ramez and Navathe, Shamkant B},
  year={2011},
  publisher={Addison-Wesley}
}